<?xml version="1.0" encoding="UTF-8"?>
<record xmlns="http://www.loc.gov/MARC21/slim">
  <leader>     caa a22        4500</leader>
  <controlfield tag="001">1782606297</controlfield>
  <controlfield tag="003">DE-627</controlfield>
  <controlfield tag="005">20220204123553.0</controlfield>
  <controlfield tag="007">cr uuu---uuuuu</controlfield>
  <controlfield tag="008">211220s2022    xx |||||o     00| ||eng c</controlfield>
  <datafield tag="024" ind1="7" ind2=" ">
    <subfield code="a">10.30958/ajbe.8-1-2</subfield>
    <subfield code="2">doi</subfield>
  </datafield>
  <datafield tag="024" ind1="7" ind2=" ">
    <subfield code="a">11159/6589</subfield>
    <subfield code="2">hdl</subfield>
  </datafield>
  <datafield tag="035" ind1=" " ind2=" ">
    <subfield code="a">(DE-627)1782606297</subfield>
  </datafield>
  <datafield tag="035" ind1=" " ind2=" ">
    <subfield code="a">(DE-599)KXP1782606297</subfield>
  </datafield>
  <datafield tag="040" ind1=" " ind2=" ">
    <subfield code="a">DE-627</subfield>
    <subfield code="b">ger</subfield>
    <subfield code="c">DE-627</subfield>
    <subfield code="e">rda</subfield>
  </datafield>
  <datafield tag="041" ind1=" " ind2=" ">
    <subfield code="a">eng</subfield>
  </datafield>
  <datafield tag="100" ind1="1" ind2=" ">
    <subfield code="a">Barat, Somjit</subfield>
    <subfield code="e">VerfasserIn</subfield>
    <subfield code="4">aut</subfield>
  </datafield>
  <datafield tag="245" ind1="1" ind2="0">
    <subfield code="a">Attitudes of the Indian middle class</subfield>
    <subfield code="b">a theory of planned behavior approach</subfield>
    <subfield code="c">By Somjit Barat</subfield>
  </datafield>
  <datafield tag="264" ind1=" " ind2="1">
    <subfield code="c">2022</subfield>
  </datafield>
  <datafield tag="336" ind1=" " ind2=" ">
    <subfield code="a">Text</subfield>
    <subfield code="b">txt</subfield>
    <subfield code="2">rdacontent</subfield>
  </datafield>
  <datafield tag="337" ind1=" " ind2=" ">
    <subfield code="a">Computermedien</subfield>
    <subfield code="b">c</subfield>
    <subfield code="2">rdamedia</subfield>
  </datafield>
  <datafield tag="338" ind1=" " ind2=" ">
    <subfield code="a">Online-Ressource</subfield>
    <subfield code="b">cr</subfield>
    <subfield code="2">rdacarrier</subfield>
  </datafield>
  <datafield tag="506" ind1="0" ind2=" ">
    <subfield code="a">Open Access</subfield>
    <subfield code="e">Controlled Vocabulary for Access Rights</subfield>
    <subfield code="q">DE-206</subfield>
    <subfield code="u">http://purl.org/coar/access_right/c_abf2</subfield>
  </datafield>
  <datafield tag="540" ind1=" " ind2=" ">
    <subfield code="q">DE-206</subfield>
    <subfield code="a">Namensnennung - Nicht-kommerziell 4.0 International</subfield>
    <subfield code="f">CC BY-NC 4.0</subfield>
    <subfield code="2">cc</subfield>
    <subfield code="u">https://creativecommons.org/licenses/by-nc/4.0/</subfield>
  </datafield>
  <datafield tag="650" ind1=" " ind2="4">
    <subfield code="a">globalization</subfield>
  </datafield>
  <datafield tag="650" ind1=" " ind2="4">
    <subfield code="a">consumer experience</subfield>
  </datafield>
  <datafield tag="650" ind1=" " ind2="4">
    <subfield code="a">marketing strategy</subfield>
  </datafield>
  <datafield tag="650" ind1=" " ind2="4">
    <subfield code="a">political marketing</subfield>
  </datafield>
  <datafield tag="773" ind1="0" ind2="8">
    <subfield code="i">Enthalten in</subfield>
    <subfield code="t">Athens journal of business &amp; economics</subfield>
    <subfield code="d">Athens : Business &amp; Law Research Division and the Economics Research Unit of ATINER, 2015</subfield>
    <subfield code="d">Athens : Business &amp; Law Research Division and the Economics Research Unit of ATINER, 2015</subfield>
    <subfield code="g">8(2022), 1 vom: Jan., Seite 21-42</subfield>
    <subfield code="h">Online-Ressource</subfield>
    <subfield code="h">Online-Ressource</subfield>
    <subfield code="w">(DE-627)85561451X</subfield>
    <subfield code="w">(DE-600)2851008-2</subfield>
    <subfield code="w">(DE-576)462896099</subfield>
    <subfield code="x">2241-794X</subfield>
    <subfield code="7">|||s</subfield>
  </datafield>
  <datafield tag="773" ind1="1" ind2="8">
    <subfield code="g">volume:8</subfield>
    <subfield code="g">year:2022</subfield>
    <subfield code="g">number:1</subfield>
    <subfield code="g">month:01</subfield>
    <subfield code="g">pages:21-42</subfield>
  </datafield>
  <datafield tag="856" ind1="4" ind2="0">
    <subfield code="u">https://www.athensjournals.gr/business/2022-8-1-2-Barat.pdf</subfield>
    <subfield code="x">Verlag</subfield>
    <subfield code="z">kostenfrei</subfield>
  </datafield>
  <datafield tag="856" ind1="4" ind2="0">
    <subfield code="u">https://doi.org/10.30958/ajbe.8-1-2</subfield>
    <subfield code="x">Resolving-System</subfield>
    <subfield code="z">kostenfrei</subfield>
  </datafield>
  <datafield tag="856" ind1="4" ind2="0">
    <subfield code="u">http://hdl.handle.net/11159/6589</subfield>
    <subfield code="x">Resolving-System</subfield>
    <subfield code="z">kostenfrei</subfield>
  </datafield>
  <datafield tag="936" ind1="u" ind2="w">
    <subfield code="d">8</subfield>
    <subfield code="j">2022</subfield>
    <subfield code="e">1</subfield>
    <subfield code="c">1</subfield>
    <subfield code="h">21-42</subfield>
  </datafield>
  <datafield tag="951" ind1=" " ind2=" ">
    <subfield code="a">AR</subfield>
  </datafield>
  <datafield tag="952" ind1=" " ind2=" ">
    <subfield code="d">8</subfield>
    <subfield code="j">2022</subfield>
    <subfield code="e">1</subfield>
    <subfield code="c">1</subfield>
    <subfield code="h">21-42</subfield>
  </datafield>
  <datafield tag="980" ind1=" " ind2=" ">
    <subfield code="2">26</subfield>
    <subfield code="1">01</subfield>
    <subfield code="b">4022870613</subfield>
    <subfield code="h">DA:oac</subfield>
    <subfield code="x">0206</subfield>
    <subfield code="y">x1z</subfield>
    <subfield code="z">20-12-21</subfield>
  </datafield>
  <datafield tag="995" ind1=" " ind2=" ">
    <subfield code="2">26</subfield>
    <subfield code="1">01</subfield>
    <subfield code="a">DA:oac</subfield>
  </datafield>
</record>
